@article{codebruijn,
   title={Everybody’s Got To Be Somewhere},
   volume={275},
   ISSN={2075-2180},
   url={http://dx.doi.org/10.4204/EPTCS.275.6},
   DOI={10.4204/eptcs.275.6},
   journal={Electronic Proceedings in Theoretical Computer Science},
   publisher={Open Publishing Association},
   author={McBride, Conor},
   year={2018},
   month=jul, pages={53–69} 
}
